
%%%%%%% Steering Resources

@techreport{KPRnote:2012,
    author = "PoorRezaei, K",
	title = "Measuring Beam Centroid Position Inside Quadrupoles",
    group = {UMER},
    year = {2012},
    institution = {University of Maryland, IREAP},
    month = {March},
    Date-Added = {2012-03-12},
}

@techreport{KPRnote:2011,
    author = "PoorRezaei, K",
	title = "Measurement of closed orbit reponse matrix for UMER",
    group = {UMER},
    year = {2011},
    institution = {University of Maryland, IREAP},
    month = {Dec},
    Date-Added = {2011-12-15},
}

@techreport{RKnote:2010,
    author = "Kishek, R",
	title = "First principles tune calculation for UMER",
    group = {UMER},
    year = {2010},
    institution = {University of Maryland, IREAP},
    month = {May},
    Date-Added = {2010-05-05},
}

@inproceedings{Walters:PAC05,
	author = "Walters, M et. al",
	title = "Alignment and steering for injection and multi-turn operation of UMER",
	booktitle = "2005 Particle Accelerator Conference (PAC, Knoxville, TN, May 2005)",
	year = "2005",
}


@unpublished{Koutchouk,
	address = {Capri, Italy},
	author = {{J. P. Koutchouk}},
	file = {:C$\backslash$:/Users/user/Documents/Papers/cer-000106955.pdf:pdf},
	institution = {CERN},
	mendeley-groups = {Machine Control},
	title = {{Trajectory and closed orbit correction}},
	year = {1989}
}


%%%%%%%%%%% UMER THESES

@phdthesis{KamalThesis,
author = {{Poor Rezaei}, Kamal},
file = {:C$\backslash$:/Users/user/Documents/Papers/Theses/Kamal-DissertationFinal.pdf:pdf},
mendeley-groups = {UMER/Theses},
school = {University of Maryland, College Park},
title = {{Transverse characterization and control of beams with space charge}},
year = {2013}
}



@phdthesis{HaoThesis,
author = {Zhang, Hao},
file = {:C$\backslash$:/Users/user/Documents/Papers/Theses/HZ{\_}PhD{\_}disertation04162014.pdf:pdf},
mendeley-groups = {UMER/Theses},
school = {University of Maryland, College Park},
title = {{Experimental study of beam halo in intense charged particle beams}},
year = {2014}
}


